<?xml version="1.0" encoding="UTF-8"?><collection xmlns="http://www.loc.gov/MARC21/slim"><record><leader>00424nam--2200133-i-4500</leader><controlfield tag="001">000040816</controlfield><controlfield tag="002">20161230</controlfield><controlfield tag="005">20161230201042</controlfield><controlfield tag="008">060222s1000------------r-----000-0-eng-d</controlfield><datafield ind1=" " ind2=" " tag="100"><subfield code="a">Schwartz,M</subfield></datafield><datafield ind1=" " ind2=" " tag="245"><subfield code="a">Information transmission, modulatiion and noise. a unified approach to communication systems</subfield></datafield><datafield ind1=" " ind2=" " tag="260"><subfield code="a">New York, Mcgraw-hill Book Co,Inc.,1959. Xv + 461 P</subfield></datafield><datafield ind1=" " ind2=" " tag="490"><subfield code="a">Brooklyn Polytechnic Inst.Series</subfield></datafield><datafield ind1=" " ind2=" " tag="852"><subfield code="a">16178</subfield></datafield></record></collection>